02RETORNO01COBRANCA       21644000137596000000OK ITAOCARA PROVEDOR INTERNET 001BANCO DO BRASIL1711160000199                      000000306207378519  2832857                                                                                                                                                                                                                                              000001
7000000000000000021644000137596283285728328570000002892        2832857000000289270000701AI 02700000000000 17061711162892                          101116000000000500000121644122111160000297000000000000000000000000000000000000000000000000000000000000000000000000005000000000000000000000000000000000000000000000000000470320000000000000          0000000000000000000000000000000000000000000000001007000002
7000000000000000021644000137596283285728328570000002928        2832857000000292870000701AI 02700000000000 17061711162928                          101116000000000500023720900122111160000297000000000000000000000000000000000000000000000000000000000000014790000000005079000000000155800000000000000000000000000000000000478220000000000000          0000000000000000000000000000000000000000000000001010000003
7000000000000000021644000137596283285728328570000003027        2832857000000302770000701AI 02700000000000 17061711163027                          101116000000000500000121644122111160000297000000000000000000000000000000000000000000000000000000000000000000000000005000000000000000000000000000000000000000000000000000470320000000000000          0000000000000000000000000000000000000000000000001007000004
7000000000000000021644000137596283285728328570000003508        2832857000000350870002301AI 02700000000000 17061711163508                          101216000000000500023720900122111160000297000000000000000000000000000000000000000000000000000000000000010000000000004000000000000000000000000000000000000000000000000000370320000000000000          0000000000000000000000000000000000000000000000001010000005
7000000000000000021644000137596283285728328570000005582        2832857000000558270000701AI 02700000000000 17061711165582                          101116000000000750023720900122111160000297000000000000000000000000000000000000000000000000000000000000022190000000007618000000000233700000000000000000000000000000000000732120000000000000          0000000000000000000000000000000000000000000000001010000006
7000000000000000021644000137596283285728328570000005660        2832857000000566070000701AI 02700000000000 17061711165660                          101116000000000750000121644122111160000297000000000000000000000000000000000000000000000000000000000000000000000000007500000000000000000000000000000000000000000000000000720320000000000000          0000000000000000000000000000000000000000000000001007000007
7000000000000000021644000137596283285728328570000005666        2832857000000566670000701AI 02700000000000 17061711165666                          101116000000000750000121644122111160000297000000000000000000000000000000000000000000000000000000000000000000000000007500000000000000000000000000000000000000000000000000720320000000000000          0000000000000000000000000000000000000000000000001007000008
7000000000000000021644000137596283285728328570000005691        2832857000000569170000701AI 02700000000000 17061711165691                          101116000000000750000121644122111160000297000000000000000000000000000000000000000000000000000000000000043370000000005500000000000233700000000000000000000000000000000000520320000000000000          0000000000000000000000000000000000000000000000001007000009
7000000000000000021644000137596283285728328570000006122        2832857000000612270000701AI 02700000000000 17061711166122                          101116000000000840023720900122111160000297000000000000000000000000000000000000000000000000000000000000024860000000008532000000000261800000000000000000000000000000000000823520000000000000          0000000000000000000000000000000000000000000000001010000010
7000000000000000021644000137596283285728328570000006391        2832857000000639170000701AI 02700000000000 17061711166391                          101116000000001050023720900122111160000297000000000000000000000000000000000000000000000000000000000000031070000000010665000000000327200000000000000000000000000000000001036820000000000000          0000000000000000000000000000000000000000000000001010000011
7000000000000000021644000137596283285728328570000006552        2832857000000655270000701AI 02700000000000 17061711166552                          101116000000000750000121644122111160000297000000000000000000000000000000000000000000000000000000000000000000000000007500000000000000000000000000000000000000000000000000720320000000000000          0000000000000000000000000000000000000000000000001007000012
7000000000000000021644000137596283285728328570000006557        2832857000000655770000701AI 02700000000000 17061711166557                          101116000000000900023720900122111160000297000000000000000000000000000000000000000000000000000000000000026630000000009142000000000280500000000000000000000000000000000000884520000000000000          0000000000000000000000000000000000000000000000001010000013
7000000000000000021644000137596283285728328570000009143        2832857000000914370000701AI 02700000000000 17061711169143                          101116000000001000000121644122111160000297000000000000000000000000000000000000000000000000000000000000000000000000010000000000000000000000000000000000000000000000000000970320000000000000          0000000000000000000000000000000000000000000000001007000014
7000000000000000021644000137596283285728328570000009964        2832857000000996470002801AI 02700000000000 17061711169964                          201016000000000500023720900122111160000297000000000000000000000000000000000000000000000000000000000000000000000000005364000000000036400000000000000000000000000000000000506720000000000000          0000000000000000000000000000000000000000000000001010000015
7000000000000000021644000137596283285728328570000010160        2832857000001016070002801AI 02700000000000 170617111610160                         201016000000000500023720900122111160000297000000000000000000000000000000000000000000000000000000000000000000000000005364000000000036400000000000000000000000000000000000506720000000000000          0000000000000000000000000000000000000000000000001010000016
7000000000000000021644000137596283285728328570000010201        2832857000001020170000301AI 02700000000000 170617111610201                         201116000000000500023767530122111160000297000000000000000000000000000000000000000000000000000000000000010000000000004000000000000000000000000000000000000000000000000000370320000000000000          0000000000000000000000000000000000000000000000001010000017
7000000000000000021644000137596283285728328570000010253        2832857000001025370000301AI 02700000000000 170617111610253                         201116000000000500023720900122111160000297000000000000000000000000000000000000000000000000000000000000010000000000004000000000000000000000000000000000000000000000000000370320000000000000          0000000000000000000000000000000000000000000000001010000018
7000000000000000021644000137596283285728328570000010273        2832857000001027370000301AI 02700000000000 170617111610273                         201116000000000500000121644122111160000297000000000000000000000000000000000000000000000000000000000000010000000000004000000000000000000000000000000000000000000000000000370320000000000000          0000000000000000000000000000000000000000000000001007000019
7000000000000000021644000137596283285728328570000010294        2832857000001029470000301AI 02700000000000 170617111610294                         201116000000000500010412450122111160000297000000000000000000000000000000000000000000000000000000000000010000000000004000000000000000000000000000000000000000000000000000370320000000000000          0000000000000000000000000000000000000000000000001010000020
7000000000000000021644000137596283285728328570000010340        2832857000001034070000301AI 02700000000000 170617111610340                         201116000000000500023720900122111160000297000000000000000000000000000000000000000000000000000000000000010000000000004000000000000000000000000000000000000000000000000000370320000000000000          0000000000000000000000000000000000000000000000001010000021
7000000000000000021644000137596283285728328570000010343        2832857000001034370000301AI 02700000000000 170617111610343                         201116000000000500010412450122111160000297000000000000000000000000000000000000000000000000000000000000010000000000004000000000000000000000000000000000000000000000000000370320000000000000          0000000000000000000000000000000000000000000000001010000022
7000000000000000021644000137596283285728328570000010352        2832857000001035270000301AI 02700000000000 170617111610352                         201116000000000500000121644122111160000297000000000000000000000000000000000000000000000000000000000000010000000000004000000000000000000000000000000000000000000000000000370320000000000000          0000000000000000000000000000000000000000000000001007000023
7000000000000000021644000137596283285728328570000010377        2832857000001037770000301AI 02700000000000 170617111610377                         201116000000000500000121644122111160000297000000000000000000000000000000000000000000000000000000000000010000000000004000000000000000000000000000000000000000000000000000370320000000000000          0000000000000000000000000000000000000000000000001007000024
7000000000000000021644000137596283285728328570000010390        2832857000001039070000301AI 02700000000000 170617111610390                         201116000000000500000121644122111160000297000000000000000000000000000000000000000000000000000000000000010000000000004000000000000000000000000000000000000000000000000000370320000000000000          0000000000000000000000000000000000000000000000001007000025
7000000000000000021644000137596283285728328570000010396        2832857000001039670000301AI 02700000000000 170617111610396                         201116000000000500023720900122111160000297000000000000000000000000000000000000000000000000000000000000010000000000004000000000000000000000000000000000000000000000000000370320000000000000          0000000000000000000000000000000000000000000000001010000026
7000000000000000021644000137596283285728328570000012627        2832857000001262770000301AI 02700000000000 170617111612627                         201116000000000750023720900122111160000297000000000000000000000000000000000000000000000000000000000000020000000000005500000000000000000000000000000000000000000000000000520320000000000000          0000000000000000000000000000000000000000000000001010000027
7000000000000000021644000137596283285728328570000012656        2832857000001265670000301AI 02700000000000 170617111612656                         201116000000000750034160930122111160000297000000000000000000000000000000000000000000000000000000000000020000000000005500000000000000000000000000000000000000000000000000520320000000000000          0000000000000000000000000000000000000000000000001010000028
7000000000000000021644000137596283285728328570000012670        2832857000001267070000301AI 02700000000000 170617111612670                         201116000000000750010412450122111160000297000000000000000000000000000000000000000000000000000000000000020000000000005500000000000000000000000000000000000000000000000000520320000000000000          0000000000000000000000000000000000000000000000001010000029
7000000000000000021644000137596283285728328570000012679        2832857000001267970000301AI 02700000000000 170617111612679                         201116000000000750000121644122111160000297000000000000000000000000000000000000000000000000000000000000020000000000005500000000000000000000000000000000000000000000000000520320000000000000          0000000000000000000000000000000000000000000000001007000030
7000000000000000021644000137596283285728328570000012681        2832857000001268170000301AI 02700000000000 170617111612681                         201116000000000750034145510122111160000297000000000000000000000000000000000000000000000000000000000000020000000000005500000000000000000000000000000000000000000000000000520320000000000000          0000000000000000000000000000000000000000000000001010000031
7000000000000000021644000137596283285728328570000012703        2832857000001270370000301AI 02700000000000 170617111612703                         201116000000000750010412450122111160000297000000000000000000000000000000000000000000000000000000000000020000000000005500000000000000000000000000000000000000000000000000520320000000000000          0000000000000000000000000000000000000000000000001010000032
7000000000000000021644000137596283285728328570000013759        2832857000001375970000301AI 02700000000000 170617111613759                         201116000000000840023767530122111160000297000000000000000000000000000000000000000000000000000000000000004000000000008000000000000000000000000000000000000000000000000000770320000000000000          0000000000000000000000000000000000000000000000001010000033
7000000000000000021644000137596283285728328570000014216        2832857000001421670000301AI 02700000000000 170617111614216                         201116000000000650023720900122111160000297000000000000000000000000000000000000000000000000000000000000020000000000004500000000000000000000000000000000000000000000000000420320000000000000          0000000000000000000000000000000000000000000000001010000034
7000000000000000021644000137596283285728328570000014221        2832857000001422170000301AI 02700000000000 170617111614221                         201116000000000650000121644122111160000297000000000000000000000000000000000000000000000000000000000000020000000000004500000000000000000000000000000000000000000000000000420320000000000000          0000000000000000000000000000000000000000000000001007000035
7000000000000000021644000137596283285728328570000015185        2832857000001518570000301AI 02700000000000 170617111615185                         201116000000000650034199260122111160000297000000000000000000000000000000000000000000000000000000000000015000000000005000000000000000000000000000000000000000000000000000470320000000000000          0000000000000000000000000000000000000000000000001010000036
7000000000000000021644000137596283285728328570000016228        2832857000001622870001401AI 02700000000000 170617111616228                         011216000000000500010412450122111160000297000000000000000000000000000000000000000000000000000000000000010000000000004000000000000000000000000000000000000000000000000000370320000000000000          0000000000000000000000000000000000000000000000001010000037
7000000000000000021644000137596283285728328570000017269        2832857000001726970001601AI 02700000000000 170617111617269                         011116000000000750023720900122111160000297000000000000000000000000000000000000000000000000000000000000000000000000007906000000000040600000000000000000000000000000000000760920000000000000          0000000000000000000000000000000000000000000000001010000038
7000000000000000021644000137596283285728328570000018790        2832857000001879070000701AI 02700000000000 170617111618790                         101116000000000750023720900122111160000297000000000000000000000000000000000000000000000000000000000000000000000000007762000000000026200000000000000000000000000000000000746520000000000000          0000000000000000000000000000000000000000000000001010000039
7000000000000000021644000137596283285728328570000019421        2832857000001942170000301AI 02700000000000 170617111619421                         201116000000000650023767580122111160000297000000000000000000000000000000000000000000000000000000000000015000000000005000000000000000000000000000000000000000000000000000470320000000000000          0000000000000000000000000000000000000000000000001010000040
7000000000000000021644000137596283285728328570000019814        2832857000001981470000301AI 02700000000000 170617111619814                         201116000000000650010412450122111160000297000000000000000000000000000000000000000000000000000000000000020000000000004500000000000000000000000000000000000000000000000000420320000000000000          0000000000000000000000000000000000000000000000001010000041
7000000000000000021644000137596283285728328570000019980        2832857000001998070000301AI 02700000000000 170617111619980                         201116000000000850010412450122111160000297000000000000000000000000000000000000000000000000000000000000015000000000007000000000000000000000000000000000000000000000000000670320000000000000          0000000000000000000000000000000000000000000000001010000042
7000000000000000021644000137596283285728328570000020062        2832857000002006270000301AI 02700000000000 170617111620062                         201116000000000800000121644122111160000297000000000000000000000000000000000000000000000000000000000000010000000000007000000000000000000000000000000000000000000000000000670320000000000000          0000000000000000000000000000000000000000000000001007000043
7000000000000000021644000137596283285728328570000020470        2832857000002047070000701AI 02700000000000 170617111620470                         101116000000000650023720900122111160000297000000000000000000000000000000000000000000000000000000000000000000000000006728000000000022800000000000000000000000000000000000643120000000000000          0000000000000000000000000000000000000000000000001010000044
7000000000000000021644000137596283285728328570000021876        2832857000002187670000701AI 02700000000000 170617111621876                         101116000000000150023720900122111160000297000000000000000000000000000000000000000000000000000000000000000000000000001551000000000005100000000000000000000000000000000000125420000000000000          0000000000000000000000000000000000000000000000001010000045
7000000000000000021644000137596283285728328570000022045        2832857000002204570000301AI 02700000000000 170617111622045                         201116000000000585034160930122111160000297000000000000000000000000000000000000000000000000000000000000013500000000004500000000000000000000000000000000000000000000000000420320000000000000          0000000000000000000000000000000000000000000000001010000046
7000000000000000021644000137596283285728328570000010236        2832857000001023670000000AI 02700000000000 171017111610236                         201116000000000500000103123120000000000000000000000000000000000000000000000000000000000000000000000000000000000000000000000000000000000000000000000000000000000000000000000000000000000000          0000000000000000000000000000000000000000000000000000000047
7000000000000000021644000137596283285728328570000010393        2832857000001039370000000AI 02700000000000 171017111610393                         201116000000000500000103123120000000000000000000000000000000000000000000000000000000000000000000000000000000000000000000000000000000000000000000000000000000000000000000000000000000000000          0000000000000000000000000000000000000000000000000000000048
7000000000000000021644000137596283285728328570000010472        2832857000001047270000000AI 02700000000000 171017111610472                         201216000000000500000103123120000000000000000000000000000000000000000000000000000000000000000000000000000000000000000000000000000000000000000000000000000000000000000000000000000000000000          0000000000000000000000000000000000000000000000000000000049
7000000000000000021644000137596283285728328570000010708        2832857000001070870000000AI 02700000000000 171017111610708                         200117000000000500000103123120000000000000000000000000000000000000000000000000000000000000000000000000000000000000000000000000000000000000000000000000000000000000000000000000000000000000          0000000000000000000000000000000000000000000000000000000050
7000000000000000021644000137596283285728328570000010944        2832857000001094470000000AI 02700000000000 171017111610944                         200217000000000500000103123120000000000000000000000000000000000000000000000000000000000000000000000000000000000000000000000000000000000000000000000000000000000000000000000000000000000000          0000000000000000000000000000000000000000000000000000000051
7000000000000000021644000137596283285728328570000011180        2832857000001118070000000AI 02700000000000 171017111611180                         200317000000000500000103123120000000000000000000000000000000000000000000000000000000000000000000000000000000000000000000000000000000000000000000000000000000000000000000000000000000000000          0000000000000000000000000000000000000000000000000000000052
7000000000000000021644000137596283285728328570000017336        2832857000001733670000000AI 02700000000000 171017111617336                         011216000000000750000121644120000000000000000000000000000000000000000000000000000000000000000000000000000000000000000000000000000000000000000000000000000000000000000000000000000000000000          0000000000000000000000000000000000000000000000000000000053
7000000000000000021644000137596283285728328570000017403        2832857000001740370000000AI 02700000000000 171017111617403                         010117000000000750000121644120000000000000000000000000000000000000000000000000000000000000000000000000000000000000000000000000000000000000000000000000000000000000000000000000000000000000          0000000000000000000000000000000000000000000000000000000054
7000000000000000021644000137596283285728328570000017470        2832857000001747070000000AI 02700000000000 171017111617470                         010217000000000750000121644120000000000000000000000000000000000000000000000000000000000000000000000000000000000000000000000000000000000000000000000000000000000000000000000000000000000000          0000000000000000000000000000000000000000000000000000000055
7000000000000000021644000137596283285728328570000017537        2832857000001753770000000AI 02700000000000 171017111617537                         010317000000000750000121644120000000000000000000000000000000000000000000000000000000000000000000000000000000000000000000000000000000000000000000000000000000000000000000000000000000000000          0000000000000000000000000000000000000000000000000000000056
7000000000000000021644000137596283285728328570000017604        2832857000001760470000000AI 02700000000000 171017111617604                         010417000000000750000121644120000000000000000000000000000000000000000000000000000000000000000000000000000000000000000000000000000000000000000000000000000000000000000000000000000000000000          0000000000000000000000000000000000000000000000000000000057
7000000000000000021644000137596283285728328570000017671        2832857000001767170000000AI 02700000000000 171017111617671                         010517000000000750000121644120000000000000000000000000000000000000000000000000000000000000000000000000000000000000000000000000000000000000000000000000000000000000000000000000000000000000          0000000000000000000000000000000000000000000000000000000058
7000000000000000021644000137596283285728328570000017738        2832857000001773870000000AI 02700000000000 171017111617738                         010617000000000750000121644120000000000000000000000000000000000000000000000000000000000000000000000000000000000000000000000000000000000000000000000000000000000000000000000000000000000000          0000000000000000000000000000000000000000000000000000000059
7000000000000000021644000137596283285728328570000017805        2832857000001780570000000AI 02700000000000 171017111617805                         010717000000000750000121644120000000000000000000000000000000000000000000000000000000000000000000000000000000000000000000000000000000000000000000000000000000000000000000000000000000000000          0000000000000000000000000000000000000000000000000000000060
7000000000000000021644000137596283285728328570000017852        2832857000001785270001600AI 02700000000000 171017111617852                         011116000000000840000121644120000000000000000000000000000000000000000000000000000000000000000000000000000000000000000000000000000000000000000000000000000000000000000000000000000000000000          0000000000000000000000000000000000000000000000000000000061
7000000000000000021644000137596283285728328570000017858        2832857000001785870000000AI 02700000000000 171017111617858                         011216000000000840000121644120000000000000000000000000000000000000000000000000000000000000000000000000000000000000000000000000000000000000000000000000000000000000000000000000000000000000          0000000000000000000000000000000000000000000000000000000062
7000000000000000021644000137596283285728328570000018780        2832857000001878070000000AI 02700000000000 171017111618780                         101216000000000650000121644120000000000000000000000000000000000000000000000000000000000000000000000000000000000000000000000000000000000000000000000000000000000000000000000000000000000000          0000000000000000000000000000000000000000000000000000000063
7000000000000000021644000137596283285728328570000018781        2832857000001878170000000AI 02700000000000 171017111618781                         100117000000000650000121644120000000000000000000000000000000000000000000000000000000000000000000000000000000000000000000000000000000000000000000000000000000000000000000000000000000000000          0000000000000000000000000000000000000000000000000000000064
7000000000000000021644000137596283285728328570000018782        2832857000001878270000000AI 02700000000000 171017111618782                         100217000000000650000121644120000000000000000000000000000000000000000000000000000000000000000000000000000000000000000000000000000000000000000000000000000000000000000000000000000000000000          0000000000000000000000000000000000000000000000000000000065
7000000000000000021644000137596283285728328570000018783        2832857000001878370000000AI 02700000000000 171017111618783                         100317000000000650000121644120000000000000000000000000000000000000000000000000000000000000000000000000000000000000000000000000000000000000000000000000000000000000000000000000000000000000          0000000000000000000000000000000000000000000000000000000066
7000000000000000021644000137596283285728328570000018784        2832857000001878470000000AI 02700000000000 171017111618784                         100417000000000650000121644120000000000000000000000000000000000000000000000000000000000000000000000000000000000000000000000000000000000000000000000000000000000000000000000000000000000000          0000000000000000000000000000000000000000000000000000000067
7000000000000000021644000137596283285728328570000018785        2832857000001878570000000AI 02700000000000 171017111618785                         100517000000000650000121644120000000000000000000000000000000000000000000000000000000000000000000000000000000000000000000000000000000000000000000000000000000000000000000000000000000000000          0000000000000000000000000000000000000000000000000000000068
7000000000000000021644000137596283285728328570000018786        2832857000001878670000000AI 02700000000000 171017111618786                         100617000000000650000121644120000000000000000000000000000000000000000000000000000000000000000000000000000000000000000000000000000000000000000000000000000000000000000000000000000000000000          0000000000000000000000000000000000000000000000000000000069
7000000000000000021644000137596283285728328570000022389        2832857000002238970000000AI 02700000000000 171017111622389                         101216000000000750000121644120000000000000000000000000000000000000000000000000000000000000000000000000000000000000000000000000000000000000000000000000000000000000000000000000000000000000          0000000000000000000000000000000000000000000000000000000070
7000000000000000021644000137596283285728328570000022390        2832857000002239070000000AI 02700000000000 171017111622390                         100117000000000750000121644120000000000000000000000000000000000000000000000000000000000000000000000000000000000000000000000000000000000000000000000000000000000000000000000000000000000000          0000000000000000000000000000000000000000000000000000000071
7000000000000000021644000137596283285728328570000022391        2832857000002239170000000AI 02700000000000 171017111622391                         100217000000000750000121644120000000000000000000000000000000000000000000000000000000000000000000000000000000000000000000000000000000000000000000000000000000000000000000000000000000000000          0000000000000000000000000000000000000000000000000000000072
7000000000000000021644000137596283285728328570000022392        2832857000002239270000000AI 02700000000000 171017111622392                         100317000000000750000121644120000000000000000000000000000000000000000000000000000000000000000000000000000000000000000000000000000000000000000000000000000000000000000000000000000000000000          0000000000000000000000000000000000000000000000000000000073
7000000000000000021644000137596283285728328570000022393        2832857000002239370000000AI 02700000000000 171017111622393                         100417000000000750000121644120000000000000000000000000000000000000000000000000000000000000000000000000000000000000000000000000000000000000000000000000000000000000000000000000000000000000          0000000000000000000000000000000000000000000000000000000074
7000000000000000021644000137596283285728328570000022394        2832857000002239470000000AI 02700000000000 171017111622394                         100517000000000750000121644120000000000000000000000000000000000000000000000000000000000000000000000000000000000000000000000000000000000000000000000000000000000000000000000000000000000000          0000000000000000000000000000000000000000000000000000000075
7000000000000000021644000137596283285728328570000022395        2832857000002239570000000AI 02700000000000 171017111622395                         100617000000000750000121644120000000000000000000000000000000000000000000000000000000000000000000000000000000000000000000000000000000000000000000000000000000000000000000000000000000000000          0000000000000000000000000000000000000000000000000000000076
9201001          000109360000007167239500000106          000000000000000000000000000000          000000000000000000000000000000          000000000000000000000000000000                                                  000000000000000000000000000000                                                                                                                                                   000077
